@inproceedings{motionsense,
author = {Malekzadeh, Mohammad and Clegg, Richard G. and Cavallaro, Andrea and Haddadi, Hamed},
title = {Mobile Sensor Data Anonymization},
booktitle = {Proceedings of the International Conference on Internet of Things Design and Implementation},
series = {IoTDI '19},
year = {2019},
isbn = {978-1-4503-6283-2},
location = {Montreal, Quebec, Canada},
pages = {49--58},
numpages = {10},
url = {http://doi.acm.org/10.1145/3302505.3310068},
doi = {10.1145/3302505.3310068},
acmid = {3310068},
publisher = {ACM},
address = {New York, NY, USA},
keywords = {adversarial training, deep learning, edge computing, sensor data privacy, time series analysis},
} 

@misc{dataset:online,
author = {},
title = {motion-sense/materials/desc.png at master Â· mmalekzadeh/motion-sense},
howpublished = {\url{https://github.com/mmalekzadeh/motion-sense/blob/master/materials/desc.png}},
month = {},
year = {},
note = {(Accessed on 12/02/2023)}
}